@article{hucka2003systems,
  title={{The systems biology markup language (SBML): a medium for representation and exchange of biochemical network models}},
  author={Hucka, Michael and Finney, Andrew and Sauro, Herbert M. and Bolouri, Hamid and Doyle, John C. and Kitano, Hiroaki and Arkin, Adam P. and Bornstein, Benjamin J. and Bray, Dennis and Cornish-Bowden, Athel and others},
  journal={Bioinformatics},
  volume={19},
  number={4},
  pages={524--531},
  year={2003},
  publisher={Oxford University Press}
}

@article{chu1999parallel,
  title={Parallel simulated annealing by mixing of states},
  author={Chu, King-Wai and Deng, Yuefan and Reinitz, John},
  journal={Journal of Computational Physics},
  volume={148},
  number={2},
  pages={646--662},
  year={1999},
  publisher={Elsevier}
}

@article{bianconi2012computational,
  title={{Computational model of EGFR and IGF1R pathways in lung cancer: a systems biology approach for translational oncology}},
  author={Bianconi, Fortunato and Baldelli, Elisa and Ludovini, Vienna and Crin{\`o}, Lucio and Flacco, Antonella and Valigi, Paolo},
  journal={Biotechnology Advances},
  volume={30},
  number={1},
  pages={142--153},
  year={2012},
  publisher={Elsevier}
}

@article{szklarczyk2010string,
  title={{The STRING database in 2011: functional interaction networks of proteins, globally integrated and scored}},
  author={Szklarczyk, Damian and Franceschini, Andrea and Kuhn, Michael and Simonovic, Milan and Roth, Alexander and Minguez, Pablo and Doerks, Tobias and Stark, Manuel and Muller, Jean and Bork, Peer and others},
  journal={Nucleic Acids Research},
  volume={39},
  number={suppl\_1},
  pages={D561--D568},
  year={2010},
  publisher={Oxford University Press}
}

@article{le2006biomodels,
  title={{BioModels Database: a free, centralized database of curated, published, quantitative kinetic models of biochemical and cellular systems}},
  author={Le Novere, Nicolas and Bornstein, Benjamin and Broicher, Alexander and Courtot, Melanie and Donizelli, Marco and Dharuri, Harish and Li, Lu and Sauro, Herbert and Schilstra, Maria and Shapiro, Bruce and others},
  journal={Nucleic Acids Research},
  volume={34},
  number={suppl\_1},
  pages={D689--D691},
  year={2006},
  publisher={Oxford University Press}
}

@article{milo2009bionumbers,
  title={{BioNumbers—the database of key numbers in molecular and cell biology}},
  author={Milo, Ron and Jorgensen, Paul and Moran, Uri and Weber, Griffin and Springer, Michael},
  journal={Nucleic Acids Research},
  volume={38},
  number={suppl\_1},
  pages={D750--D753},
  year={2009},
  publisher={Oxford University Press}
}

@article{doi:10.1093/nar/gkh081,
author = {Schomburg, Ida and Chang, Antje and Ebeling, Christian and Gremse, Marion and Heldt, Christian and Huhn, Gregor and Schomburg, Dietmar},
title = {{BRENDA, the enzyme database: updates and major new developments}},
journal = {Nucleic Acids Research},
volume = {32},
number = {suppl 1},
pages = {D431--D433},
year = {2004},
doi = {10.1093/nar/gkh081},
URL = { + http://dx.doi.org/10.1093/nar/gkh081},
eprint = {/oup/backfile/content_public/journal/nar/32/suppl_1/10.1093_nar_gkh081/2/gkh081.pdf}
}

@article{doi:10.1093/nar/gkr1046,
author = {Wittig, Ulrike and Kania, Renate and Golebiewski, Martin and Rey, Maja and Shi, Lei and Jong, Lenneke and Algaa, Enkhjargal and Weidemann, Andreas and Sauer-Danzwith, Heidrun and Mir, Saqib and Krebs, Olga and Bittkowski, Meik and Wetsch, Elina and Rojas, Isabel and Müller, Wolfgang},
title = {{SABIO-RK—database for biochemical reaction kinetics}},
journal = {Nucleic Acids Research},
volume = {40},
number = {D1},
pages = {D790-D796},
year = {2012},
doi = {10.1093/nar/gkr1046},
URL = { + http://dx.doi.org/10.1093/nar/gkr1046},
eprint = {/oup/backfile/content_public/journal/nar/40/d1/10.1093_nar_gkr1046/2/gkr1046.pdf}
}

@article{huang1996ultrasensitivity,
  title={Ultrasensitivity in the mitogen-activated protein kinase cascade},
  author={Huang, Chi-Ying and Ferrell, James E.},
  journal={Proceedings of the National Academy of Sciences},
  volume={93},
  number={19},
  pages={10078--10083},
  year={1996},
  publisher={National Acad Sciences}
}

@article{kirk2013model,
  title={Model selection in systems and synthetic biology},
  author={Kirk, Paul and Thorne, Thomas and Stumpf, Michael P.H.},
  journal={Current Opinion in Biotechnology},
  volume={24},
  number={4},
  pages={767--774},
  year={2013},
  publisher={Elsevier}
}

@article {Xu2010,
	author = {Xu, Tian-Rui and Vyshemirsky, Vladislav and Gormand, Am{\'e}lie and von Kriegsheim, Alex and Girolami, Mark and Baillie, George S. and Ketley, Dominic and Dunlop, Allan J. and Milligan, Graeme and Houslay, Miles D. and Kolch, Walter},
	title = {Inferring Signaling Pathway Topologies from Multiple Perturbation Measurements of Specific Biochemical Species},
	volume = {3},
	number = {113},
	pages = {ra20--ra20},
	year = {2010},
	doi = {10.1126/scisignal.2000517},
	publisher = {Science Signaling},
	abstract = {The specification of biological decisions by signaling pathways is encoded by the interplay between activation dynamics and network topologies. Although we can describe complex networks, we cannot easily determine which topology the cell actually uses to transduce a specific signal. Experimental testing of all plausible topologies is infeasible because of the combinatorially large number of experiments required to explore the complete hypothesis space. Here, we demonstrate that Bayesian inference{\textendash}based modeling provides an approach to explore and constrain this hypothesis space, permitting the rational ranking of pathway models. Our approach can use measurements of a limited number of biochemical species when combined with multiple perturbations. As proof of concept, we examined the activation of the extracellular signal{\textendash}regulated kinase (ERK) pathway by epidermal growth factor. The predicted and experimentally validated model shows that both Raf-1 and, unexpectedly, B-Raf are needed to fully activate ERK in two different cell lines. Thus, our formal methodology rationally infers evidentially supported pathway topologies even when a limited number of biochemical and kinetic measurements are available.},
	issn = {1945-0877},
	URL = {http://stke.sciencemag.org/content/3/113/ra20},
	eprint = {http://stke.sciencemag.org/content/3/113/ra20.full.pdf},
	journal = {Science Signaling}
}

@phdthesis{reis2012minimizaccao,
  title={Minimiza{\c{c}}{\~a}o de fun{\c{c}}{\~o}es decompon{\'\i}veis em curvas em U definidas sobre cadeias de posets--algoritmos e aplica{\c{c}}{\~o}es},
  author={Reis, Marcelo S.},
  year={2012},
  school={Universidade de S{\~a}o Paulo}
}

@article{reis2017ucsr,
  title={{Optimal Boolean lattice-based algorithms for the U-curve optimization problem}},
  author={Reis, Marcelo S. and Estrela, Gustavo and Ferreira, Carlos Eduardo and Barrera, Junior},
  journal={Enviado para publicação},
  year={2017}
}


@article{takahashi2012discriminating,
  title={Discriminating different classes of biological networks by analyzing the graphs spectra distribution},
  author={Takahashi, Daniel Y. and Sato, Joao R. and Ferreira, Carlos E. and Fujita, Andr{\'e}},
  journal={PLoS One},
  volume={7},
  number={12},
  pages={e49949},
  year={2012},
  publisher={Public Library of Science}
}

@article{bozdogan1987model,
  title={Model selection and Akaike's information criterion (AIC): The general theory and its analytical extensions},
  author={Bozdogan, Hamparsum},
  journal={Psychometrika},
  volume={52},
  number={3},
  pages={345--370},
  year={1987},
  publisher={Springer}
}

@article{Kanehisa2000kegg,
  title={{KEGG: kyoto encyclopedia of genes and genomes}},
  author={Kanehisa, Minoru and Goto, Susumu},
  journal={Nucleic Acids Research},
  volume={28},
  number={1},
  pages={27--30},
  year={2000},
  publisher={Oxford University Press}
}

@incollection{Reis2017interdisciplinary,
  title={{An Interdisciplinary Approach for Designing Kinetic Models of the Ras/MAPK Signaling Pathway}},
  author={Reis, Marcelo S and No{\"e}l, Vincent and Dias, Matheus H and Albuquerque, Layra L and Guimar{\~a}es, Amanda S and Wu, Lulu and Barrera, Junior and Armelin, Hugo A},
  booktitle={Kinase Signaling Networks},
  pages={455--474},
  year={2017},
  publisher={Springer}
}

@mastersthesis{Wu2015metodo,
  title={Um m{\'e}todo para modificar vias de sinaliza{\c{c}}{\~a}o molecular por meio de an{\'a}lise de banco de dados de interatomas},
  author={Wu, Lulu},
  year={2015},
  school={Universidade de S{\~a}o Paulo}
}

@article{Reis2017featsel,
title = "featsel: A framework for benchmarking of feature selection algorithms and cost functions",
journal = "SoftwareX",
volume = "6",
number = "",
pages = "193 - 197",
year = "2017",
note = "",
issn = "2352-7110",
doi = "http://dx.doi.org/10.1016/j.softx.2017.07.005",
url = "http://www.sciencedirect.com/science/article/pii/S2352711017300286",
author = "Marcelo S. Reis and Gustavo Estrela and Carlos Eduardo Ferreira and Junior Barrera",
keywords = "Feature selection",
keywords = "Benchmarking",
keywords = "Boolean lattice",
keywords = "Combinatorial optimization"
}

@Article{Lin:1991,
  title={Divergence measures based on the {S}hannon entropy},
  author={Lin, J.},
  journal={IEEE Transactions on Information Theory},
  volume={37},
  number={1},
  pages={145--151},
  year={1991},
  publisher={IEEE Computer Society},
  doi = "https://doi.org/10.1109/18.61115"
}

@Article{Whitney:1971,
 author = {Whitney, A. W.},
 title = {A Direct Method of Nonparametric Measurement Selection},
 journal = {IEEE Transactions on Computers},
 volume = {20},
 number = {9},
 year = {1971},
 issn = {0018-9340},
 pages = {1100--1103},
 publisher = {IEEE Computer Society},
 address = {Washington, DC, USA},
 doi = "https://doi.org/10.1109/T-C.1971.223410"
}

